
@misc{link_link,
	title = {Enlace Web},
	howpublished = "\url{http://asdf.com/asdf}",
	note = {Comprobado, 2016},
}


@Book{link_book,
	author = {JWes Noonan, Ido Dubrawsky},
	OPTeditor = {},
	title = {Firewall Fundamentals.},
	publisher = {Cisco Press},
	year = {2006},
	series = {ISBN 1-58705-221-0},
	OPTkey = {},
	OPTvolume = {},
	OPTnumber = {},
	OPTseries = {},
	OPTaddress = {},
	OPTedition = {},
	OPTmonth = {},
	OPTnote = {},
	OPTannote = {}
}

